<?xml version='1.0' encoding='UTF-8'?>
<collection>
  <record>
    <leader>01762nam a2200457 c 4500</leader>
    <controlfield tag="001">990036399200205508</controlfield>
    <controlfield tag="005">20201228124932.0</controlfield>
    <controlfield tag="007">cr |||||||||||</controlfield>
    <controlfield tag="007">ki |||</controlfield>
    <controlfield tag="008">990903s1860    sz            00| | zxx d</controlfield>
    <datafield tag="019" ind1=" " ind2=" ">
      <subfield code="a">Unikatsaufnahme</subfield>
      <subfield code="5">NEBIS/Z01/02.10.2020</subfield>
      <subfield code="subfield">1</subfield>
    </datafield>
    <datafield tag="024" ind1="7" ind2=" ">
      <subfield code="a">10.3931/e-rara-64710</subfield>
      <subfield code="2">doi</subfield>
      <subfield code="subfield">1</subfield>
    </datafield>
    <datafield tag="035" ind1=" " ind2=" ">
      <subfield code="a">(swissbib)151695431-41slsp_network</subfield>
      <subfield code="subfield">1</subfield>
    </datafield>
    <datafield tag="035" ind1=" " ind2=" ">
      <subfield code="a">151695431</subfield>
      <subfield code="9">ExL</subfield>
      <subfield code="subfield">2</subfield>
    </datafield>
    <datafield tag="035" ind1=" " ind2=" ">
      <subfield code="a">(NEBIS)003639920EBI01</subfield>
      <subfield code="subfield">3</subfield>
    </datafield>
    <datafield tag="035" ind1=" " ind2=" ">
      <subfield code="a">(EXLNZ-41SLSP_NETWORK)991025158449705501</subfield>
      <subfield code="subfield">4</subfield>
    </datafield>
    <datafield tag="040" ind1=" " ind2=" ">
      <subfield code="a">SzZuIDS NEBIS ZBZ</subfield>
      <subfield code="b">ger</subfield>
      <subfield code="e">rda</subfield>
      <subfield code="d">CH-ZuSLS</subfield>
      <subfield code="subfield">1</subfield>
    </datafield>
    <datafield tag="100" ind1="1" ind2=" ">
      <subfield code="a">Egli, Jean</subfield>
      <subfield code="d" parsedDate="1828/1870" upperDate="1870-12-31" lowerDate="1828-01-01">1828-1870</subfield>
      <subfield code="0">(DE-588)1089410395</subfield>
      <subfield code="e">Künstler</subfield>
      <subfield code="4" label="Künstler" loc-uri="http://id.loc.gov/vocabulary/relators/art" gnd="4033423-5">art</subfield>
      <subfield code="gnd">1089410395</subfield>
      <subfield code="normalised_name">Egli, Jean</subfield>
      <subfield code="Geburtsdatum">1828</subfield>
      <subfield code="Sterbedatum">1870</subfield>
      <subfield code="wd_id">Q94919286</subfield>
      <subfield code="notes"/>
      <subfield code="subfield">1</subfield>
    </datafield>
    <datafield tag="245" ind1="1" ind2="0">
      <subfield code="a">Album der Stadt Zürich</subfield>
      <subfield code="c">Jean Egli lith.</subfield>
      <subfield code="subfield">1</subfield>
    </datafield>
    <datafield tag="264" ind1=" " ind2="1">
      <subfield code="a">[Zürich]</subfield>
      <subfield code="b">Ruff u. Hofer gedr.t</subfield>
      <subfield code="c" parsedDate="1860" upperDate="1860-12-31" lowerDate="1860-01-01">[1860]</subfield>
      <subfield code="264_a-gnd-id">4068038-1</subfield>
      <subfield code="264_a-wd-id">Q72</subfield>
      <subfield code="264_a_normalised_name">Zürich</subfield>
      <subfield code="notes"/>
      <subfield code="264_b-gnd-id">1123535671</subfield>
      <subfield code="264_b_normalised_name">Ruff &amp; Hofer (Zürich)</subfield>
      <subfield code="264_b_wd-id"/>
      <subfield code="notes"/>
      <subfield code="subfield">1</subfield>
    </datafield>
    <datafield tag="300" ind1=" " ind2=" ">
      <subfield code="a">10 Blätter</subfield>
      <subfield code="b">Lithografien</subfield>
      <subfield code="gnd"/>
      <subfield code="normalised">lithographie</subfield>
      <subfield code="parent"/>
      <subfield code="parent-gnd"/>
      <subfield code="subfield">1</subfield>
    </datafield>
    <datafield tag="336" ind1=" " ind2=" ">
      <subfield code="b">sti</subfield>
      <subfield code="2">rdacontent</subfield>
      <subfield code="subfield">1</subfield>
    </datafield>
    <datafield tag="337" ind1=" " ind2=" ">
      <subfield code="b">n</subfield>
      <subfield code="2">rdamedia</subfield>
      <subfield code="subfield">1</subfield>
    </datafield>
    <datafield tag="337" ind1=" " ind2=" ">
      <subfield code="b">c</subfield>
      <subfield code="2">rdamedia</subfield>
      <subfield code="subfield">2</subfield>
    </datafield>
    <datafield tag="338" ind1=" " ind2=" ">
      <subfield code="b">nb</subfield>
      <subfield code="2">rdacarrier</subfield>
      <subfield code="subfield">1</subfield>
    </datafield>
    <datafield tag="338" ind1=" " ind2=" ">
      <subfield code="b">nc</subfield>
      <subfield code="2">rdacarrier</subfield>
      <subfield code="subfield">2</subfield>
    </datafield>
    <datafield tag="338" ind1=" " ind2=" ">
      <subfield code="b">cr</subfield>
      <subfield code="2">rdacarrier</subfield>
      <subfield code="subfield">3</subfield>
    </datafield>
    <datafield tag="500" ind1=" " ind2=" ">
      <subfield code="a">Keine Titelseite vorhanden; Umschlagtitel verwendet</subfield>
      <subfield code="subfield">1</subfield>
    </datafield>
    <datafield tag="590" ind1=" " ind2=" ">
      <subfield code="a">Datierung und Angaben zum Inhalt gemäss Bleistiftnotizen auf der Rückseite des Umschlags</subfield>
      <subfield code="5">NEBIS/Exemplar der Zentralbibliothek Zürich, Graphische Sammlung und Fotoarchiv</subfield>
      <subfield code="subfield">1</subfield>
    </datafield>
    <datafield tag="650" ind1=" " ind2="7">
      <subfield code="a">Vedute</subfield>
      <subfield code="0">(DE-588)4001393-5</subfield>
      <subfield code="2">gnd</subfield>
      <subfield code="gnd">4001393-5</subfield>
      <subfield code="wd_id">Q166030</subfield>
      <subfield code="normalised_name">Vedute</subfield>
      <subfield code="notes"/>
      <subfield code="subfield">1</subfield>
    </datafield>
    <datafield tag="651" ind1=" " ind2="7">
      <subfield code="a">Zürich</subfield>
      <subfield code="0">(DE-588)4068038-1</subfield>
      <subfield code="2">gnd</subfield>
      <subfield code="gnd">4068038-1</subfield>
      <subfield code="normalised_name">Zürich</subfield>
      <subfield code="wd_id">Q72</subfield>
      <subfield code="notes"/>
      <subfield code="subfield">1</subfield>
    </datafield>
    <datafield tag="655" ind1=" " ind2="7">
      <subfield code="a">Bildband</subfield>
      <subfield code="2">gnd-content</subfield>
      <subfield code="gnd">4145395-5</subfield>
      <subfield code="wd_id"/>
      <subfield code="aat_id">300311820</subfield>
      <subfield code="notes"/>
      <subfield code="subfield">1</subfield>
    </datafield>
    <datafield tag="751" ind1=" " ind2=" ">
      <subfield code="a">Zürich</subfield>
      <subfield code="0">(DE-588)4068038-1</subfield>
      <subfield code="e">Erscheinungsort</subfield>
      <subfield code="4" label="Erscheinungsort" loc-uri="http://id.loc.gov/vocabulary/relators/pup" gnd="4269034-1">pup</subfield>
      <subfield code="gnd">4068038-1</subfield>
      <subfield code="wd_id">Q72</subfield>
      <subfield code="normalised_name">Zürich</subfield>
      <subfield code="notes"/>
      <subfield code="subfield">1</subfield>
    </datafield>
    <datafield tag="751" ind1=" " ind2=" ">
      <subfield code="a">Zurich</subfield>
      <subfield code="0">(DE-588)4068038-1</subfield>
      <subfield code="gnd">4068038-1</subfield>
      <subfield code="wd_id">Q72</subfield>
      <subfield code="normalised_name">Zürich</subfield>
      <subfield code="notes"/>
      <subfield code="subfield">2</subfield>
    </datafield>
    <datafield tag="751" ind1=" " ind2=" ">
      <subfield code="a">Zurich</subfield>
      <subfield code="0">(DE-588)4068038-1</subfield>
      <subfield code="gnd">4068038-1</subfield>
      <subfield code="wd_id">Q72</subfield>
      <subfield code="normalised_name">Zürich</subfield>
      <subfield code="notes"/>
      <subfield code="subfield">3</subfield>
    </datafield>
    <datafield tag="856" ind1="4" ind2=" ">
      <subfield code="u">http://dx.doi.org/10.3931/e-rara-64710</subfield>
      <subfield code="z">Online via e-rara.ch</subfield>
      <subfield code="x">Z01</subfield>
      <subfield code="subfield">1</subfield>
    </datafield>
    <datafield tag="852" ind1="4" ind2=" ">
      <subfield code="8">22386969030005508</subfield>
      <subfield code="a">ZAD50</subfield>
      <subfield code="b">Z02</subfield>
      <subfield code="c">GSM</subfield>
      <subfield code="subfield">1</subfield>
    </datafield>
    <datafield tag="866" ind1=" " ind2=" ">
      <subfield code="8">22386969030005508.1</subfield>
      <subfield code="a">Einzelne Blätter</subfield>
      <subfield code="subfield">1</subfield>
    </datafield>
    <datafield tag="900" ind1=" " ind2=" ">
      <subfield code="a">IDSZRMedeaZBZ</subfield>
      <subfield code="b">IDSZRSWK</subfield>
      <subfield code="subfield">1</subfield>
    </datafield>
    <datafield tag="900" ind1=" " ind2=" ">
      <subfield code="a">IDSZ2zbzmix201711l</subfield>
      <subfield code="c">IDSZ2alth</subfield>
      <subfield code="d">IDSZ2zbzswk201711p</subfield>
      <subfield code="e">IDSZ2alth</subfield>
      <subfield code="subfield">2</subfield>
    </datafield>
    <datafield tag="900" ind1=" " ind2=" ">
      <subfield code="a">IDSZ5Bildmaterial</subfield>
      <subfield code="subfield">3</subfield>
    </datafield>
    <datafield tag="900" ind1=" " ind2=" ">
      <subfield code="a">IDSZ1Z01erara</subfield>
      <subfield code="subfield">4</subfield>
    </datafield>
    <datafield tag="900" ind1=" " ind2=" ">
      <subfield code="a">IDSZ5BSO</subfield>
      <subfield code="subfield">5</subfield>
    </datafield>
    <datafield tag="900" ind1=" " ind2=" ">
      <subfield code="a">IDSIxunikat</subfield>
      <subfield code="subfield">6</subfield>
    </datafield>
    <datafield tag="965" ind1=" " ind2=" ">
      <subfield code="a">Ansicht [Formschlagwort Sondersammlungen]</subfield>
      <subfield code="2">uzb-ZG</subfield>
      <subfield code="9">LOCAL</subfield>
      <subfield code="subfield">1</subfield>
    </datafield>
    <datafield tag="965" ind1=" " ind2=" ">
      <subfield code="a">Lithographie [Formschlagwort Sondersammlungen]</subfield>
      <subfield code="2">uzb-ZG</subfield>
      <subfield code="9">LOCAL</subfield>
      <subfield code="subfield">2</subfield>
    </datafield>
    <datafield tag="965" ind1=" " ind2=" ">
      <subfield code="a">Vedute [Formschlagwort Sondersammlungen]</subfield>
      <subfield code="2">uzb-ZG</subfield>
      <subfield code="9">LOCAL</subfield>
      <subfield code="subfield">3</subfield>
    </datafield>
    <record-identifier>zbz-990036399200205508</record-identifier>
    <datafield tag="manifest">https://www.e-rara.ch/i3f/v20/17611827/manifest</datafield>
    <images>
      <image>
        <height>4577</height>
        <width>4510</width>
        <url type="iiif">https://www.e-rara.ch/zuz/i3f/v20/16259108</url>
      </image>
      <image>
        <height>4734</height>
        <width>4732</width>
        <url type="iiif">https://www.e-rara.ch/zuz/i3f/v20/17647994</url>
      </image>
      <image>
        <height>4609</height>
        <width>4479</width>
        <url type="iiif">https://www.e-rara.ch/zuz/i3f/v20/15554957</url>
      </image>
      <image>
        <height>4579</height>
        <width>4567</width>
        <url type="iiif">https://www.e-rara.ch/zuz/i3f/v20/16764640</url>
      </image>
      <image>
        <height>4570</height>
        <width>4354</width>
        <url type="iiif">https://www.e-rara.ch/zuz/i3f/v20/15555131</url>
      </image>
      <image>
        <height>4394</height>
        <width>4314</width>
        <url type="iiif">https://www.e-rara.ch/zuz/i3f/v20/17415899</url>
      </image>
      <image>
        <height>3926</height>
        <width>3873</width>
        <url type="iiif">https://www.e-rara.ch/zuz/i3f/v20/17768162</url>
      </image>
      <image>
        <height>4149</height>
        <width>3781</width>
        <url type="iiif">https://www.e-rara.ch/zuz/i3f/v20/14756640</url>
      </image>
      <image>
        <height>4420</height>
        <width>4443</width>
        <url type="iiif">https://www.e-rara.ch/zuz/i3f/v20/14392911</url>
      </image>
      <image>
        <height>4669</height>
        <width>4573</width>
        <url type="iiif">https://www.e-rara.ch/zuz/i3f/v20/17973786</url>
      </image>
    </images>
  </record>