
  <record>
    <leader>02611nkm a2200529 c 4500</leader>
    <controlfield tag="001">990051346890205508</controlfield>
    <controlfield tag="005">20201228190634.0</controlfield>
    <controlfield tag="007">cr |||||||||||</controlfield>
    <controlfield tag="007">ki |||</controlfield>
    <controlfield tag="008">060309q18771899sz |||            i|zxx  </controlfield>
    <datafield tag="019" ind1=" " ind2=" ">
      <subfield code="a">Unikatsaufnahme</subfield>
      <subfield code="5">NEBIS/Z01/02.10.2020</subfield>
      <subfield code="subfield">1</subfield>
    </datafield>
    <datafield tag="024" ind1="7" ind2=" ">
      <subfield code="a">10.3931/e-rara-58644</subfield>
      <subfield code="2">doi</subfield>
      <subfield code="subfield">1</subfield>
    </datafield>
    <datafield tag="035" ind1=" " ind2=" ">
      <subfield code="a">(swissbib)162843178-41slsp_network</subfield>
      <subfield code="subfield">1</subfield>
    </datafield>
    <datafield tag="035" ind1=" " ind2=" ">
      <subfield code="a">162843178</subfield>
      <subfield code="9">ExL</subfield>
      <subfield code="subfield">2</subfield>
    </datafield>
    <datafield tag="035" ind1=" " ind2=" ">
      <subfield code="a">(NEBIS)005134689EBI01</subfield>
      <subfield code="subfield">3</subfield>
    </datafield>
    <datafield tag="035" ind1=" " ind2=" ">
      <subfield code="a">(EXLNZ-41SLSP_NETWORK)991136768499705501</subfield>
      <subfield code="subfield">4</subfield>
    </datafield>
    <datafield tag="040" ind1=" " ind2=" ">
      <subfield code="a">SzZuIDS NEBIS ZBZ</subfield>
      <subfield code="b">ger</subfield>
      <subfield code="e">rda</subfield>
      <subfield code="d">CH-ZuSLS</subfield>
      <subfield code="subfield">1</subfield>
    </datafield>
    <datafield tag="245" ind1="0" ind2="0">
      <subfield code="a">Zürich. Vue générale prise depuis la Weid</subfield>
      <subfield code="subfield">1</subfield>
    </datafield>
    <datafield tag="264" ind1=" " ind2="1">
      <subfield code="a">Zurich</subfield>
      <subfield code="b">chez R. Dikenmann Peintre</subfield>
      <subfield code="c" parsedDate="1877/1899" upperDate="1899-12-31" lowerDate="1877-01-01">[zwischen 1877 und 1899]</subfield>
      <subfield code="264_a-gnd-id">4068038-1</subfield>
      <subfield code="264_a-wd-id">Q72</subfield>
      <subfield code="264_a_normalised_name">Zürich</subfield>
      <subfield code="notes"/>
      <subfield code="264_b-gnd-id">1159174490</subfield>
      <subfield code="264_b_normalised_name">Dikenmann, R.</subfield>
      <subfield code="264_b_wd-id"/>
      <subfield code="notes"/>
      <subfield code="subfield">1</subfield>
    </datafield>
    <datafield tag="300" ind1=" " ind2=" ">
      <subfield code="a">1 Druckgrafik</subfield>
      <subfield code="b">Aquatinta koloriert</subfield>
      <subfield code="c">Bild 7,4 x 11,2 cm, Blatt 15 x 21 cm</subfield>
      <alignments index="0">
        <subfield code="gnd">4132364-6</subfield>
        <subfield code="normalised">aquatinta</subfield>
        <subfield code="parent"/>
        <subfield code="parent-gnd"/>
      </alignments>
      <alignments index="1">
        <subfield code="gnd">4246493-6</subfield>
        <subfield code="normalised">koloriert</subfield>
        <subfield code="parent"/>
        <subfield code="parent-gnd"/>
      </alignments>
      <subfield code="subfield">1</subfield>
    </datafield>
    <datafield tag="336" ind1=" " ind2=" ">
      <subfield code="b">sti</subfield>
      <subfield code="2">rdacontent</subfield>
      <subfield code="subfield">1</subfield>
    </datafield>
    <datafield tag="337" ind1=" " ind2=" ">
      <subfield code="b">n</subfield>
      <subfield code="2">rdamedia</subfield>
      <subfield code="subfield">1</subfield>
    </datafield>
    <datafield tag="337" ind1=" " ind2=" ">
      <subfield code="b">c</subfield>
      <subfield code="2">rdamedia</subfield>
      <subfield code="subfield">2</subfield>
    </datafield>
    <datafield tag="338" ind1=" " ind2=" ">
      <subfield code="b">nb</subfield>
      <subfield code="2">rdacarrier</subfield>
      <subfield code="subfield">1</subfield>
    </datafield>
    <datafield tag="338" ind1=" " ind2=" ">
      <subfield code="b">cr</subfield>
      <subfield code="2">rdacarrier</subfield>
      <subfield code="subfield">2</subfield>
    </datafield>
    <datafield tag="500" ind1=" " ind2=" ">
      <subfield code="a">Anonyme/r Künstler/in</subfield>
      <subfield code="subfield">1</subfield>
    </datafield>
    <datafield tag="500" ind1=" " ind2=" ">
      <subfield code="a">Datierung anhand Bildinhalt: Paul Wunderli kaufte das Waidgut 1877, fügte in den darauffolgenden Jahren einen Turm hinzu und verband beide Bauten mit einem Durchgang; der Bahndamm existierte von 1855-1889</subfield>
      <subfield code="subfield">2</subfield>
    </datafield>
    <datafield tag="500" ind1=" " ind2=" ">
      <subfield code="a">Weitere, unkolorierte Variante der Druckgrafik vorhanden, Signatur der Zentralbibliothek Zürich, Graphische Sammlung und Fotoarchiv: Zürich 4a, mit Weid I, 22</subfield>
      <subfield code="subfield">3</subfield>
    </datafield>
    <datafield tag="520" ind1=" " ind2=" ">
      <subfield code="a">Ansicht von der Waid, im Vordergrund das Waidgut mit Menschen, im Mittelgrund der ehemalige Bahndamm des heutigen Wipkinger Viadukts und die Stadt Zürich, im Hintergrund die Alpen, am oberen Bildrand die Bezeichnungen einzelner Gipfel</subfield>
      <subfield code="subfield">1</subfield>
    </datafield>
    <datafield tag="590" ind1=" " ind2=" ">
      <subfield code="a">Mit dem Vermerk "Edition originale 1", stockfleckig</subfield>
      <subfield code="5">NEBIS/Exemplar der Zentralbibliothek Zürich, Graphische Sammlung und Fotoarchiv</subfield>
      <subfield code="subfield">1</subfield>
    </datafield>
    <datafield tag="651" ind1=" " ind2="7">
      <subfield code="a">Glarner Alpen</subfield>
      <subfield code="0">(DE-588)4093562-0</subfield>
      <subfield code="2">gnd</subfield>
      <subfield code="gnd">4093562-0</subfield>
      <subfield code="normalised_name">Glarner Alpen</subfield>
      <subfield code="wd_id"/>
      <subfield code="notes"/>
      <subfield code="subfield">1</subfield>
    </datafield>
    <datafield tag="651" ind1=" " ind2="7">
      <subfield code="a">Schwyzer Alpen</subfield>
      <subfield code="0">(DE-588)4118545-6</subfield>
      <subfield code="2">gnd</subfield>
      <subfield code="gnd">4118545-6</subfield>
      <subfield code="normalised_name">Schwyzer Alpen</subfield>
      <subfield code="wd_id"/>
      <subfield code="notes"/>
      <subfield code="subfield">2</subfield>
    </datafield>
    <datafield tag="651" ind1=" " ind2="7">
      <subfield code="a">Waid</subfield>
      <subfield code="g">Zürich</subfield>
      <subfield code="0">(DE-588)1137974680</subfield>
      <subfield code="2">gnd</subfield>
      <subfield code="gnd">1137974680</subfield>
      <subfield code="normalised_name">Waid (Zürich)</subfield>
      <subfield code="wd_id"/>
      <subfield code="notes"/>
      <subfield code="subfield">3</subfield>
    </datafield>
    <datafield tag="651" ind1=" " ind2="7">
      <subfield code="a">Waidgut</subfield>
      <subfield code="g">Zürich</subfield>
      <subfield code="0">(DE-588)1140245791</subfield>
      <subfield code="2">gnd</subfield>
      <subfield code="gnd">1140245791</subfield>
      <subfield code="normalised_name">Waidgut (Zürich)</subfield>
      <subfield code="wd_id"/>
      <subfield code="notes"/>
      <subfield code="subfield">4</subfield>
    </datafield>
    <datafield tag="651" ind1=" " ind2="7">
      <subfield code="a">Zürich</subfield>
      <subfield code="0">(DE-588)4068038-1</subfield>
      <subfield code="2">gnd</subfield>
      <subfield code="gnd">4068038-1</subfield>
      <subfield code="normalised_name">Zürich</subfield>
      <subfield code="wd_id">Q72</subfield>
      <subfield code="notes"/>
      <subfield code="subfield">5</subfield>
    </datafield>
    <datafield tag="655" ind1=" " ind2="7">
      <subfield code="a">Bild</subfield>
      <subfield code="2">gnd-content</subfield>
      <subfield code="gnd">4006568-6</subfield>
      <subfield code="wd_id"/>
      <subfield code="aat_id">300264387</subfield>
      <subfield code="notes"/>
      <subfield code="subfield">1</subfield>
    </datafield>
    <datafield tag="710" ind1="2" ind2=" ">
      <subfield code="a">Kunstverlag Rudolf Dikenmann</subfield>
      <subfield code="g">Zürich</subfield>
      <subfield code="0">(DE-588)4101514-9</subfield>
      <subfield code="e">Drucker</subfield>
      <subfield code="4" label="Drucker" loc-uri="http://id.loc.gov/vocabulary/relators/prt" gnd="4013091-5">prt</subfield>
      <subfield code="gnd">4101514-9</subfield>
      <subfield code="wd_id"/>
      <subfield code="normalised_name">Kunstverlag Rudolf Dikenmann (Zürich)</subfield>
      <subfield code="notes"/>
      <subfield code="subfield">1</subfield>
    </datafield>
    <datafield tag="751" ind1=" " ind2=" ">
      <subfield code="a">Zürich</subfield>
      <subfield code="0">(DE-588)4068038-1</subfield>
      <subfield code="e">Erscheinungsort</subfield>
      <subfield code="4" label="Erscheinungsort" loc-uri="http://id.loc.gov/vocabulary/relators/pup" gnd="4269034-1">pup</subfield>
      <subfield code="gnd">4068038-1</subfield>
      <subfield code="wd_id">Q72</subfield>
      <subfield code="normalised_name">Zürich</subfield>
      <subfield code="notes"/>
      <subfield code="subfield">1</subfield>
    </datafield>
    <datafield tag="751" ind1=" " ind2=" ">
      <subfield code="a">Zurich</subfield>
      <subfield code="0">(DE-588)4068038-1</subfield>
      <subfield code="gnd">4068038-1</subfield>
      <subfield code="wd_id">Q72</subfield>
      <subfield code="normalised_name">Zürich</subfield>
      <subfield code="notes"/>
      <subfield code="subfield">2</subfield>
    </datafield>
    <datafield tag="751" ind1=" " ind2=" ">
      <subfield code="a">Zurich</subfield>
      <subfield code="0">(DE-588)4068038-1</subfield>
      <subfield code="gnd">4068038-1</subfield>
      <subfield code="wd_id">Q72</subfield>
      <subfield code="normalised_name">Zürich</subfield>
      <subfield code="notes"/>
      <subfield code="subfield">3</subfield>
    </datafield>
    <datafield tag="856" ind1="4" ind2=" ">
      <subfield code="u">http://dx.doi.org/10.3931/e-rara-58644</subfield>
      <subfield code="z">Online via e-rara.ch</subfield>
      <subfield code="x">Z01</subfield>
      <subfield code="subfield">1</subfield>
    </datafield>
    <datafield tag="852" ind1="4" ind2=" ">
      <subfield code="8">22405865240005508</subfield>
      <subfield code="b">Z02</subfield>
      <subfield code="c">GSB</subfield>
      <subfield code="j">GRA  1.6 : 1</subfield>
      <subfield code="subfield">1</subfield>
    </datafield>
    <datafield tag="900" ind1=" " ind2=" ">
      <subfield code="a">IDSZ1ZH</subfield>
      <subfield code="subfield">1</subfield>
    </datafield>
    <datafield tag="900" ind1=" " ind2=" ">
      <subfield code="a">IDSZ2zbzmix200603e</subfield>
      <subfield code="c">IDSZ2lang</subfield>
      <subfield code="d">IDSZ2zbzswk201705p</subfield>
      <subfield code="e">IDSZ2lang</subfield>
      <subfield code="subfield">2</subfield>
    </datafield>
    <datafield tag="900" ind1=" " ind2=" ">
      <subfield code="a">IDSZ5Bildmaterial</subfield>
      <subfield code="subfield">3</subfield>
    </datafield>
    <datafield tag="900" ind1=" " ind2=" ">
      <subfield code="a">IDSZ1Z01erara</subfield>
      <subfield code="subfield">4</subfield>
    </datafield>
    <datafield tag="900" ind1=" " ind2=" ">
      <subfield code="a">IDSZ5GPM</subfield>
      <subfield code="subfield">5</subfield>
    </datafield>
    <datafield tag="900" ind1=" " ind2=" ">
      <subfield code="a">IDSZ5BSO</subfield>
      <subfield code="subfield">6</subfield>
    </datafield>
    <datafield tag="900" ind1=" " ind2=" ">
      <subfield code="a">IDSIxunikat</subfield>
      <subfield code="subfield">7</subfield>
    </datafield>
    <datafield tag="965" ind1=" " ind2=" ">
      <subfield code="a">Ansicht [Formschlagwort Sondersammlungen]</subfield>
      <subfield code="2">uzb-ZG</subfield>
      <subfield code="9">LOCAL</subfield>
      <subfield code="subfield">1</subfield>
    </datafield>
    <datafield tag="965" ind1=" " ind2=" ">
      <subfield code="a">Aquatinta [Formschlagwort Sondersammlungen]</subfield>
      <subfield code="2">uzb-ZG</subfield>
      <subfield code="9">LOCAL</subfield>
      <subfield code="subfield">2</subfield>
    </datafield>
    <datafield tag="993" ind1=" " ind2=" ">
      <subfield code="a">000004538_1</subfield>
      <subfield code="x">uzb-ZG</subfield>
      <subfield code="9">LOCAL</subfield>
      <subfield code="subfield">1</subfield>
    </datafield>
    <record-identifier>zbz-990051346890205508</record-identifier>
    <datafield tag="manifest">https://www.e-rara.ch/i3f/v20/15819735/manifest</datafield>
    <images>
      <image>
        <height>3497</height>
        <width>3422</width>
        <url type="iiif">https://www.e-rara.ch/zuz/i3f/v20/15819736</url>
      </image>
    </images>
  </record>