
  <record>
    <leader>01586nkm a2200397 c 4500</leader>
    <controlfield tag="001">990052192590205508</controlfield>
    <controlfield tag="005">20201228180925.0</controlfield>
    <controlfield tag="007">cr |||||||||||</controlfield>
    <controlfield tag="007">ki |||</controlfield>
    <controlfield tag="008">060708s1848    sz |||            i|zxx  </controlfield>
    <datafield tag="019" ind1=" " ind2=" ">
      <subfield code="a">Unikatsaufnahme</subfield>
      <subfield code="5">NEBIS/Z01/02.10.2020</subfield>
      <subfield code="subfield">1</subfield>
    </datafield>
    <datafield tag="024" ind1="7" ind2=" ">
      <subfield code="a">10.3931/e-rara-55941</subfield>
      <subfield code="2">doi</subfield>
      <subfield code="subfield">1</subfield>
    </datafield>
    <datafield tag="035" ind1=" " ind2=" ">
      <subfield code="a">(swissbib)163706182-41slsp_network</subfield>
      <subfield code="subfield">1</subfield>
    </datafield>
    <datafield tag="035" ind1=" " ind2=" ">
      <subfield code="a">163706182</subfield>
      <subfield code="9">ExL</subfield>
      <subfield code="subfield">2</subfield>
    </datafield>
    <datafield tag="035" ind1=" " ind2=" ">
      <subfield code="a">(NEBIS)005219259EBI01</subfield>
      <subfield code="subfield">3</subfield>
    </datafield>
    <datafield tag="035" ind1=" " ind2=" ">
      <subfield code="a">(EXLNZ-41SLSP_NETWORK)991009011839705501</subfield>
      <subfield code="subfield">4</subfield>
    </datafield>
    <datafield tag="040" ind1=" " ind2=" ">
      <subfield code="a">SzZuIDS NEBIS ZBZ</subfield>
      <subfield code="d">CH-ZuSLS</subfield>
      <subfield code="subfield">1</subfield>
    </datafield>
    <datafield tag="245" ind1="0" ind2="0">
      <subfield code="a">Malerischer Plan &amp; Ansicht der Stadt Zürich &amp; ihrer Umgebung</subfield>
      <subfield code="c">Siegfried del. u. sc.</subfield>
      <subfield code="subfield">1</subfield>
    </datafield>
    <datafield tag="264" ind1=" " ind2="1">
      <subfield code="a">Zürich</subfield>
      <subfield code="b">bei Hch. Fuessli &amp; Cie.</subfield>
      <subfield code="c" parsedDate="1848?" upperDate="1848-12-31" lowerDate="1848-01-01">[ca. 1848]</subfield>
      <subfield code="264_a-gnd-id">4068038-1</subfield>
      <subfield code="264_a-wd-id">Q72</subfield>
      <subfield code="264_a_normalised_name">Zürich</subfield>
      <subfield code="notes"/>
      <subfield code="264_b-gnd-id"/>
      <subfield code="264_b_normalised_name">bei Hch. Fuessli &amp; Cie.</subfield>
      <subfield code="264_b_wd-id"/>
      <subfield code="notes"/>
      <subfield code="subfield">1</subfield>
    </datafield>
    <datafield tag="300" ind1=" " ind2=" ">
      <subfield code="a">1 Druckgraphik</subfield>
      <subfield code="b">Aquatinta, Blaudruck, koloriert</subfield>
      <subfield code="c">Bild 30,3 x 46,4 cm, Blatt 39,2 x 56,3 cm</subfield>
      <alignments index="0">
        <subfield code="gnd">4132364-6</subfield>
        <subfield code="normalised">aquatinta</subfield>
        <subfield code="parent"/>
        <subfield code="parent-gnd"/>
      </alignments>
      <alignments index="1">
        <subfield code="gnd">4145861-8</subfield>
        <subfield code="normalised">blaudruck</subfield>
        <subfield code="parent"/>
        <subfield code="parent-gnd"/>
      </alignments>
      <alignments index="2">
        <subfield code="gnd">4246493-6</subfield>
        <subfield code="normalised">koloriert</subfield>
        <subfield code="parent"/>
        <subfield code="parent-gnd"/>
      </alignments>
      <subfield code="subfield">1</subfield>
    </datafield>
    <datafield tag="336" ind1=" " ind2=" ">
      <subfield code="b">sti</subfield>
      <subfield code="2">rdacontent</subfield>
      <subfield code="subfield">1</subfield>
    </datafield>
    <datafield tag="337" ind1=" " ind2=" ">
      <subfield code="b">c</subfield>
      <subfield code="2">rdamedia</subfield>
      <subfield code="subfield">1</subfield>
    </datafield>
    <datafield tag="337" ind1=" " ind2=" ">
      <subfield code="b">n</subfield>
      <subfield code="2">rdamedia</subfield>
      <subfield code="subfield">2</subfield>
    </datafield>
    <datafield tag="338" ind1=" " ind2=" ">
      <subfield code="b">nb</subfield>
      <subfield code="2">rdacarrier</subfield>
      <subfield code="subfield">1</subfield>
    </datafield>
    <datafield tag="338" ind1=" " ind2=" ">
      <subfield code="b">cr</subfield>
      <subfield code="2">rdacarrier</subfield>
      <subfield code="subfield">2</subfield>
    </datafield>
    <datafield tag="500" ind1=" " ind2=" ">
      <subfield code="a">3. Zustand, mit aller Schrift (Sihlbrücke mit 15 Fensteröffnungen, mit dem 1848 errichteten Zaun vor dem neuen Zeughaus, Menschenstaffage sowie Nummerierung 1-126, Bildtitel, Künstlerbezeichnung und Verlagsadresse)</subfield>
      <subfield code="subfield">1</subfield>
    </datafield>
    <datafield tag="500" ind1=" " ind2=" ">
      <subfield code="a">Von Hand datiert ca. 1850</subfield>
      <subfield code="subfield">2</subfield>
    </datafield>
    <datafield tag="651" ind1=" " ind2="7">
      <subfield code="a">Zürich</subfield>
      <subfield code="0">(DE-588)4068038-1</subfield>
      <subfield code="2">gnd</subfield>
      <subfield code="gnd">4068038-1</subfield>
      <subfield code="normalised_name">Zürich</subfield>
      <subfield code="wd_id">Q72</subfield>
      <subfield code="notes"/>
      <subfield code="subfield">1</subfield>
    </datafield>
    <datafield tag="655" ind1=" " ind2="7">
      <subfield code="a">Bildliche Darstellung</subfield>
      <subfield code="2">gnd</subfield>
      <subfield code="gnd">4145419-4</subfield>
      <subfield code="wd_id">Q4502142</subfield>
      <subfield code="aat_id">300248231</subfield>
      <subfield code="notes"/>
      <subfield code="subfield">1</subfield>
    </datafield>
    <datafield tag="700" ind1="1" ind2=" ">
      <subfield code="a">Siegfried, Hermann</subfield>
      <subfield code="d" parsedDate="1819/1879" upperDate="1879-12-31" lowerDate="1819-01-01">1819-1879</subfield>
      <subfield code="0">(DE-588)138437890</subfield>
      <subfield code="gnd">138437890</subfield>
      <subfield code="normalised_name">Siegfried, Hermann</subfield>
      <subfield code="Geburtsdatum">1819-02-14</subfield>
      <subfield code="Sterbedatum">1879-12-05</subfield>
      <subfield code="wd_id">Q1612762</subfield>
      <subfield code="notes"/>
      <subfield code="subfield">1</subfield>
    </datafield>
    <datafield tag="856" ind1="4" ind2=" ">
      <subfield code="u">http://dx.doi.org/10.3931/e-rara-55941</subfield>
      <subfield code="z">Online via e-rara.ch</subfield>
      <subfield code="x">Z01</subfield>
      <subfield code="subfield">1</subfield>
    </datafield>
    <datafield tag="852" ind1="4" ind2=" ">
      <subfield code="8">22381595960005508</subfield>
      <subfield code="b">Z02</subfield>
      <subfield code="c">GSB</subfield>
      <subfield code="j">Zürich II A 242</subfield>
      <subfield code="subfield">1</subfield>
    </datafield>
    <datafield tag="900" ind1=" " ind2=" ">
      <subfield code="a">IDSZ1ZH</subfield>
      <subfield code="subfield">1</subfield>
    </datafield>
    <datafield tag="900" ind1=" " ind2=" ">
      <subfield code="a">IDSZ2zbzmix200607e</subfield>
      <subfield code="c">IDSZ2schn</subfield>
      <subfield code="subfield">2</subfield>
    </datafield>
    <datafield tag="900" ind1=" " ind2=" ">
      <subfield code="a">IDSZ1Z01erara</subfield>
      <subfield code="subfield">3</subfield>
    </datafield>
    <datafield tag="900" ind1=" " ind2=" ">
      <subfield code="a">IDSZ5GPM</subfield>
      <subfield code="subfield">4</subfield>
    </datafield>
    <datafield tag="900" ind1=" " ind2=" ">
      <subfield code="a">IDSZ5BSO</subfield>
      <subfield code="subfield">5</subfield>
    </datafield>
    <datafield tag="900" ind1=" " ind2=" ">
      <subfield code="a">IDSIxunikat</subfield>
      <subfield code="subfield">6</subfield>
    </datafield>
    <datafield tag="965" ind1=" " ind2=" ">
      <subfield code="a">Ansicht [Formschlagwort Sondersammlungen]</subfield>
      <subfield code="2">uzb-ZG</subfield>
      <subfield code="9">LOCAL</subfield>
      <subfield code="subfield">1</subfield>
    </datafield>
    <datafield tag="965" ind1=" " ind2=" ">
      <subfield code="a">Aquatinta [Formschlagwort Sondersammlungen]</subfield>
      <subfield code="2">uzb-ZG</subfield>
      <subfield code="9">LOCAL</subfield>
      <subfield code="subfield">2</subfield>
    </datafield>
    <datafield tag="993" ind1=" " ind2=" ">
      <subfield code="a">000005153</subfield>
      <subfield code="x">uzb-ZG</subfield>
      <subfield code="9">LOCAL</subfield>
      <subfield code="subfield">1</subfield>
    </datafield>
    <record-identifier>zbz-990052192590205508</record-identifier>
    <datafield tag="manifest">https://www.e-rara.ch/i3f/v20/15073350/manifest</datafield>
    <images>
      <image>
        <height>5273</height>
        <width>6579</width>
        <url type="iiif">https://www.e-rara.ch/zuz/i3f/v20/15073351</url>
      </image>
    </images>
  </record>