
  <record>
    <leader>02018nkm a2200445 c 4500</leader>
    <controlfield tag="001">990053006550205508</controlfield>
    <controlfield tag="005">20201228181706.0</controlfield>
    <controlfield tag="007">cr |||||||||||</controlfield>
    <controlfield tag="007">ki |||</controlfield>
    <controlfield tag="008">060421s1742    sz |||            i|zxx  </controlfield>
    <datafield tag="019" ind1=" " ind2=" ">
      <subfield code="a">Unikatsaufnahme</subfield>
      <subfield code="5">NEBIS/Z01/02.10.2020</subfield>
      <subfield code="subfield">1</subfield>
    </datafield>
    <datafield tag="024" ind1="7" ind2=" ">
      <subfield code="a">10.3931/e-rara-60518</subfield>
      <subfield code="2">doi</subfield>
      <subfield code="subfield">1</subfield>
    </datafield>
    <datafield tag="035" ind1=" " ind2=" ">
      <subfield code="a">(swissbib)16437714X-41slsp_network</subfield>
      <subfield code="subfield">1</subfield>
    </datafield>
    <datafield tag="035" ind1=" " ind2=" ">
      <subfield code="a">16437714X</subfield>
      <subfield code="9">ExL</subfield>
      <subfield code="subfield">2</subfield>
    </datafield>
    <datafield tag="035" ind1=" " ind2=" ">
      <subfield code="a">(NEBIS)005300655EBI01</subfield>
      <subfield code="subfield">3</subfield>
    </datafield>
    <datafield tag="035" ind1=" " ind2=" ">
      <subfield code="a">(EXLNZ-41SLSP_NETWORK)991089274639705501</subfield>
      <subfield code="subfield">4</subfield>
    </datafield>
    <datafield tag="040" ind1=" " ind2=" ">
      <subfield code="a">SzZuIDS NEBIS ZBZ</subfield>
      <subfield code="b">ger</subfield>
      <subfield code="e">rda</subfield>
      <subfield code="d">CH-ZuSLS</subfield>
      <subfield code="subfield">1</subfield>
    </datafield>
    <datafield tag="245" ind1="0" ind2="0">
      <subfield code="a">Gross Münster</subfield>
      <subfield code="subfield">1</subfield>
    </datafield>
    <datafield tag="264" ind1=" " ind2="1">
      <subfield code="a">[Zürich]</subfield>
      <subfield code="b">[bey Heidegger und Compagnie]</subfield>
      <subfield code="c" parsedDate="1742" upperDate="1742-12-31" lowerDate="1742-01-01">[1742]</subfield>
      <subfield code="264_a-gnd-id">4068038-1</subfield>
      <subfield code="264_a-wd-id">Q72</subfield>
      <subfield code="264_a_normalised_name">Zürich</subfield>
      <subfield code="notes"/>
      <subfield code="264_b-gnd-id">6146082-5</subfield>
      <subfield code="264_b_normalised_name">Heidegger und Co.</subfield>
      <subfield code="264_b_wd-id"/>
      <subfield code="notes"/>
      <subfield code="subfield">1</subfield>
    </datafield>
    <datafield tag="300" ind1=" " ind2=" ">
      <subfield code="a">1 Druckgraphik</subfield>
      <subfield code="b">Radierung und Kupferstich</subfield>
      <subfield code="c">Bild und Blatt 7,7 x 13,5 cm</subfield>
      <alignments index="0">
        <subfield code="gnd">4048166-9</subfield>
        <subfield code="normalised">radierung</subfield>
        <subfield code="parent"/>
        <subfield code="parent-gnd"/>
      </alignments>
      <alignments index="1">
        <subfield code="gnd">4033760-1</subfield>
        <subfield code="normalised">kupferstich</subfield>
        <subfield code="parent"/>
        <subfield code="parent-gnd"/>
      </alignments>
      <subfield code="subfield">1</subfield>
    </datafield>
    <datafield tag="336" ind1=" " ind2=" ">
      <subfield code="b">sti</subfield>
      <subfield code="2">rdacontent</subfield>
      <subfield code="subfield">1</subfield>
    </datafield>
    <datafield tag="337" ind1=" " ind2=" ">
      <subfield code="b">n</subfield>
      <subfield code="2">rdamedia</subfield>
      <subfield code="subfield">1</subfield>
    </datafield>
    <datafield tag="337" ind1=" " ind2=" ">
      <subfield code="b">c</subfield>
      <subfield code="2">rdamedia</subfield>
      <subfield code="subfield">2</subfield>
    </datafield>
    <datafield tag="338" ind1=" " ind2=" ">
      <subfield code="b">nb</subfield>
      <subfield code="2">rdacarrier</subfield>
      <subfield code="subfield">1</subfield>
    </datafield>
    <datafield tag="338" ind1=" " ind2=" ">
      <subfield code="b">cr</subfield>
      <subfield code="2">rdacarrier</subfield>
      <subfield code="subfield">2</subfield>
    </datafield>
    <datafield tag="500" ind1=" " ind2=" ">
      <subfield code="a">Anonyme/r Künstler/in</subfield>
      <subfield code="subfield">1</subfield>
    </datafield>
    <datafield tag="500" ind1=" " ind2=" ">
      <subfield code="a">Weitere, kolorierte Variante der Druckgrafik unter derselben Signatur vorhanden</subfield>
      <subfield code="subfield">2</subfield>
    </datafield>
    <datafield tag="500" ind1=" " ind2=" ">
      <subfield code="a">Erschienen in: Hans Heinrich Bluntschli: Memorabilia Tigurina, oder, Merkwürdigkeiten der Stadt und Landschaft Zürich, 3. Auflage, Zürich 1742, S. 193</subfield>
      <subfield code="subfield">3</subfield>
    </datafield>
    <datafield tag="562" ind1=" " ind2=" ">
      <subfield code="a">Handschriftliche Nummerierung oben rechts (Feder schwarz): "No 19b[?]"</subfield>
      <subfield code="5">Exemplar der Zentralbibliothek Zürich, Graphische Sammlung und Fotoarchiv</subfield>
      <subfield code="subfield">1</subfield>
    </datafield>
    <datafield tag="590" ind1=" " ind2=" ">
      <subfield code="a">Blatt an allen vier Seiten beschnitten</subfield>
      <subfield code="5">NEBIS/Exemplar der Zentralbibliothek Zürich, Graphische Sammlung und Fotoarchiv</subfield>
      <subfield code="subfield">1</subfield>
    </datafield>
    <datafield tag="651" ind1=" " ind2="7">
      <subfield code="a">Großmünster</subfield>
      <subfield code="g">Zürich</subfield>
      <subfield code="0">(DE-588)4458464-7</subfield>
      <subfield code="2">gnd</subfield>
      <subfield code="gnd">4458464-7</subfield>
      <subfield code="normalised_name">Großmünster (Zürich)</subfield>
      <subfield code="wd_id">Q684948</subfield>
      <subfield code="notes"/>
      <subfield code="subfield">1</subfield>
    </datafield>
    <datafield tag="655" ind1=" " ind2="7">
      <subfield code="a">Bild</subfield>
      <subfield code="2">gnd-content</subfield>
      <subfield code="gnd">4006568-6</subfield>
      <subfield code="wd_id"/>
      <subfield code="aat_id">300264387</subfield>
      <subfield code="notes"/>
      <subfield code="subfield">1</subfield>
    </datafield>
    <datafield tag="700" ind1="1" ind2=" ">
      <subfield code="a">Bluntschli, Johann Heinrich</subfield>
      <subfield code="d" parsedDate="1656/1722" upperDate="1722-12-31" lowerDate="1656-01-01">1656-1722</subfield>
      <subfield code="0">(DE-588)1069347353</subfield>
      <subfield code="e">Herausgeber</subfield>
      <subfield code="4" label="Herausgeber" loc-uri="http://id.loc.gov/vocabulary/relators/edt" gnd="4159575-0">edt</subfield>
      <subfield code="gnd">1069347353</subfield>
      <subfield code="normalised_name">Bluntschli, Johann Heinrich</subfield>
      <subfield code="Geburtsdatum">1656</subfield>
      <subfield code="Sterbedatum">1722</subfield>
      <subfield code="wd_id">Q94916652</subfield>
      <subfield code="notes"/>
      <subfield code="subfield">1</subfield>
    </datafield>
    <datafield tag="710" ind1="2" ind2=" ">
      <subfield code="a">Heidegger und Co.</subfield>
      <subfield code="0">(DE-588)6146082-5</subfield>
      <subfield code="e">Verlag</subfield>
      <subfield code="4" label="Verlag" loc-uri="http://id.loc.gov/vocabulary/relators/pbl" gnd="4063004-3">pbl</subfield>
      <subfield code="gnd">6146082-5</subfield>
      <subfield code="wd_id"/>
      <subfield code="normalised_name">Heidegger und Co.</subfield>
      <subfield code="notes"/>
      <subfield code="subfield">1</subfield>
    </datafield>
    <datafield tag="856" ind1="4" ind2=" ">
      <subfield code="u">http://dx.doi.org/10.3931/e-rara-60518</subfield>
      <subfield code="z">Online via e-rara.ch</subfield>
      <subfield code="x">Z01</subfield>
      <subfield code="subfield">1</subfield>
    </datafield>
    <datafield tag="852" ind1="4" ind2=" ">
      <subfield code="8">22398058160005508</subfield>
      <subfield code="b">Z02</subfield>
      <subfield code="c">GSM</subfield>
      <subfield code="j">Zch. D 1 Grossmünster-Qu. Grossmünster I, 2</subfield>
      <subfield code="subfield">1</subfield>
    </datafield>
    <datafield tag="900" ind1=" " ind2=" ">
      <subfield code="a">IDSZ1ZH</subfield>
      <subfield code="subfield">1</subfield>
    </datafield>
    <datafield tag="900" ind1=" " ind2=" ">
      <subfield code="a">IDSZ2zbzmix200701e</subfield>
      <subfield code="c">IDSZ2schn</subfield>
      <subfield code="d">IDSZ2zbzswk201705p</subfield>
      <subfield code="e">IDSZ2lang</subfield>
      <subfield code="subfield">2</subfield>
    </datafield>
    <datafield tag="900" ind1=" " ind2=" ">
      <subfield code="a">IDSZ5Bildmaterial</subfield>
      <subfield code="subfield">3</subfield>
    </datafield>
    <datafield tag="900" ind1=" " ind2=" ">
      <subfield code="a">IDSZ1Z01erara</subfield>
      <subfield code="subfield">4</subfield>
    </datafield>
    <datafield tag="900" ind1=" " ind2=" ">
      <subfield code="a">IDSZ5BSO</subfield>
      <subfield code="subfield">5</subfield>
    </datafield>
    <datafield tag="900" ind1=" " ind2=" ">
      <subfield code="a">IDSIxunikat</subfield>
      <subfield code="subfield">6</subfield>
    </datafield>
    <datafield tag="965" ind1=" " ind2=" ">
      <subfield code="a">Ansicht [Formschlagwort Sondersammlungen]</subfield>
      <subfield code="2">uzb-ZG</subfield>
      <subfield code="9">LOCAL</subfield>
      <subfield code="subfield">1</subfield>
    </datafield>
    <datafield tag="965" ind1=" " ind2=" ">
      <subfield code="a">Kupferstich [Formschlagwort Sondersammlungen]</subfield>
      <subfield code="2">uzb-ZG</subfield>
      <subfield code="9">LOCAL</subfield>
      <subfield code="subfield">2</subfield>
    </datafield>
    <datafield tag="965" ind1=" " ind2=" ">
      <subfield code="a">Radierung [Formschlagwort Sondersammlungen]</subfield>
      <subfield code="2">uzb-ZG</subfield>
      <subfield code="9">LOCAL</subfield>
      <subfield code="subfield">3</subfield>
    </datafield>
    <datafield tag="993" ind1=" " ind2=" ">
      <subfield code="a">000004560_3</subfield>
      <subfield code="x">uzb-ZG</subfield>
      <subfield code="9">LOCAL</subfield>
      <subfield code="subfield">1</subfield>
    </datafield>
    <record-identifier>zbz-990053006550205508</record-identifier>
    <datafield tag="manifest">https://www.e-rara.ch/i3f/v20/16392337/manifest</datafield>
    <images>
      <image>
        <height>1769</height>
        <width>2243</width>
        <url type="iiif">https://www.e-rara.ch/zuz/i3f/v20/16392338</url>
      </image>
    </images>
  </record>