
  <record>
    <leader>01916nkm a2200469 c 4500</leader>
    <controlfield tag="001">990052037310205508</controlfield>
    <controlfield tag="005">20201228191823.0</controlfield>
    <controlfield tag="007">cr |||||||||||</controlfield>
    <controlfield tag="007">ki |||</controlfield>
    <controlfield tag="008">060713s1838    sz |||            i|zxx  </controlfield>
    <datafield tag="019" ind1=" " ind2=" ">
      <subfield code="a">Unikatsaufnahme</subfield>
      <subfield code="5">NEBIS/Z01/02.10.2020</subfield>
      <subfield code="subfield">1</subfield>
    </datafield>
    <datafield tag="024" ind1="7" ind2=" ">
      <subfield code="a">10.7891/e-manuscripta-51326</subfield>
      <subfield code="2">doi</subfield>
      <subfield code="subfield">1</subfield>
    </datafield>
    <datafield tag="035" ind1=" " ind2=" ">
      <subfield code="a">(swissbib)163512736-41slsp_network</subfield>
      <subfield code="subfield">1</subfield>
    </datafield>
    <datafield tag="035" ind1=" " ind2=" ">
      <subfield code="a">163512736</subfield>
      <subfield code="9">ExL</subfield>
      <subfield code="subfield">2</subfield>
    </datafield>
    <datafield tag="035" ind1=" " ind2=" ">
      <subfield code="a">(NEBIS)005203731EBI01</subfield>
      <subfield code="subfield">3</subfield>
    </datafield>
    <datafield tag="035" ind1=" " ind2=" ">
      <subfield code="a">(EXLNZ-41SLSP_NETWORK)991121818809705501</subfield>
      <subfield code="subfield">4</subfield>
    </datafield>
    <datafield tag="040" ind1=" " ind2=" ">
      <subfield code="a">SzZuIDS NEBIS ZBZ</subfield>
      <subfield code="d">CH-ZuSLS</subfield>
      <subfield code="subfield">1</subfield>
    </datafield>
    <datafield tag="245" ind1="0" ind2="0">
      <subfield code="a">[Kirchhof von] Richterswil</subfield>
      <subfield code="c">[Gottfried Keller]</subfield>
      <subfield code="subfield">1</subfield>
    </datafield>
    <datafield tag="264" ind1=" " ind2="1">
      <subfield code="a">[Schweiz]</subfield>
      <subfield code="c" parsedDate="1838" upperDate="1838-12-31" lowerDate="1838-01-01">1838</subfield>
      <subfield code="264_a-gnd-id">4053881-3</subfield>
      <subfield code="264_a-wd-id">Q39</subfield>
      <subfield code="264_a_normalised_name">Schweiz</subfield>
      <subfield code="notes"/>
      <subfield code="subfield">1</subfield>
    </datafield>
    <datafield tag="300" ind1=" " ind2=" ">
      <subfield code="a">1 Zeichnung</subfield>
      <subfield code="b">Aquarell und Gouache über Bleistift</subfield>
      <subfield code="c">Bild und Blatt 16,4 x 24,5 cm</subfield>
      <alignments index="0">
        <subfield code="gnd">4002511-1</subfield>
        <subfield code="normalised">aquarell</subfield>
        <subfield code="parent"/>
        <subfield code="parent-gnd"/>
      </alignments>
      <alignments index="1">
        <subfield code="gnd">4071972-8</subfield>
        <subfield code="normalised">gouache</subfield>
        <subfield code="parent"/>
        <subfield code="parent-gnd"/>
      </alignments>
      <alignments index="2">
        <subfield code="gnd">4121035-9</subfield>
        <subfield code="normalised">bleistift</subfield>
        <subfield code="parent"/>
        <subfield code="parent-gnd"/>
      </alignments>
      <subfield code="subfield">1</subfield>
    </datafield>
    <datafield tag="336" ind1=" " ind2=" ">
      <subfield code="b">sti</subfield>
      <subfield code="2">rdacontent</subfield>
      <subfield code="subfield">1</subfield>
    </datafield>
    <datafield tag="337" ind1=" " ind2=" ">
      <subfield code="b">c</subfield>
      <subfield code="2">rdamedia</subfield>
      <subfield code="subfield">1</subfield>
    </datafield>
    <datafield tag="337" ind1=" " ind2=" ">
      <subfield code="b">n</subfield>
      <subfield code="2">rdamedia</subfield>
      <subfield code="subfield">2</subfield>
    </datafield>
    <datafield tag="338" ind1=" " ind2=" ">
      <subfield code="b">nb</subfield>
      <subfield code="2">rdacarrier</subfield>
      <subfield code="subfield">1</subfield>
    </datafield>
    <datafield tag="338" ind1=" " ind2=" ">
      <subfield code="b">cr</subfield>
      <subfield code="2">rdacarrier</subfield>
      <subfield code="subfield">2</subfield>
    </datafield>
    <datafield tag="500" ind1=" " ind2=" ">
      <subfield code="a">Aus dem Nachlass von Gottfried Keller</subfield>
      <subfield code="subfield">1</subfield>
    </datafield>
    <datafield tag="510" ind1="0" ind2=" ">
      <subfield code="a">Bruno Weber: Gottfried Keller. Landschaftsmaler, Zürich 1990, S. 38, Nr. 24</subfield>
      <subfield code="subfield">1</subfield>
    </datafield>
    <datafield tag="520" ind1=" " ind2=" ">
      <subfield code="a">Kirche und Kirchhof von Richterswil mit Blick auf den Zürichsee und die Berge im Winter. Der mit weissen Rosen bekränzte Anker im Schnee soll auf das Grab von Henriette Keller (1818-1838) hinweisen</subfield>
      <subfield code="subfield">1</subfield>
    </datafield>
    <datafield tag="600" ind1="1" ind2="7">
      <subfield code="a">Keller, Henriette</subfield>
      <subfield code="d" parsedDate="1818/1838" upperDate="1838-12-31" lowerDate="1818-01-01">1818-1838</subfield>
      <subfield code="0">(DE-588)1089448139</subfield>
      <subfield code="2">idszbzzg</subfield>
      <subfield code="Geburtsdatum">1818</subfield>
      <subfield code="Sterbedatum">1838</subfield>
      <subfield code="gnd">1089448139</subfield>
      <subfield code="Bevorzugter Name"/>
      <subfield code="wd_id"/>
      <subfield code="normalised_name">Keller, Henriette</subfield>
      <subfield code="notes"/>
      <subfield code="subfield">1</subfield>
    </datafield>
    <datafield tag="651" ind1=" " ind2="7">
      <subfield code="a">Reformierte Pfarrkirche Richterswil</subfield>
      <subfield code="g">Richterswil</subfield>
      <subfield code="0">(DE-588)1058355384</subfield>
      <subfield code="2">gnd</subfield>
      <subfield code="gnd">1058355384</subfield>
      <subfield code="normalised_name">Reformierte Pfarrkirche Richterswil (Richterswil)</subfield>
      <subfield code="wd_id"/>
      <subfield code="notes"/>
      <subfield code="subfield">1</subfield>
    </datafield>
    <datafield tag="655" ind1=" " ind2="7">
      <subfield code="a">Bildliche Darstellung</subfield>
      <subfield code="2">gnd</subfield>
      <subfield code="gnd">4145419-4</subfield>
      <subfield code="wd_id">Q4502142</subfield>
      <subfield code="aat_id">300248231</subfield>
      <subfield code="notes"/>
      <subfield code="subfield">1</subfield>
    </datafield>
    <datafield tag="655" ind1=" " ind2="7">
      <subfield code="a">Zeichnung</subfield>
      <subfield code="2">gnd-content</subfield>
      <subfield code="gnd">4127900-1</subfield>
      <subfield code="wd_id">Q93184</subfield>
      <subfield code="aat_id">300033973</subfield>
      <subfield code="notes"/>
      <subfield code="subfield">2</subfield>
    </datafield>
    <datafield tag="700" ind1="1" ind2=" ">
      <subfield code="a">Keller, Gottfried</subfield>
      <subfield code="d" parsedDate="1819/1890" upperDate="1890-12-31" lowerDate="1819-01-01">1819-1890</subfield>
      <subfield code="0">(DE-588)11856109X</subfield>
      <subfield code="gnd">11856109X</subfield>
      <subfield code="normalised_name">Keller, Gottfried</subfield>
      <subfield code="Geburtsdatum">1819-07-19</subfield>
      <subfield code="Sterbedatum">1890-07-16</subfield>
      <subfield code="wd_id">Q122370</subfield>
      <subfield code="notes"/>
      <subfield code="subfield">1</subfield>
    </datafield>
    <datafield tag="700" ind1="1" ind2=" ">
      <subfield code="a">Keller, Gottfried</subfield>
      <subfield code="d" parsedDate="1819/1890" upperDate="1890-12-31" lowerDate="1819-01-01">1819-1890</subfield>
      <subfield code="0">(DE-588)11856109X</subfield>
      <subfield code="e">früherer Eigentümer</subfield>
      <subfield code="4" label="Früherer Eigentümer" loc-uri="http://id.loc.gov/vocabulary/relators/fmo" gnd="">fmo</subfield>
      <subfield code="gnd">11856109X</subfield>
      <subfield code="normalised_name">Keller, Gottfried</subfield>
      <subfield code="Geburtsdatum">1819-07-19</subfield>
      <subfield code="Sterbedatum">1890-07-16</subfield>
      <subfield code="wd_id">Q122370</subfield>
      <subfield code="notes"/>
      <subfield code="subfield">2</subfield>
    </datafield>
    <datafield tag="856" ind1="4" ind2=" ">
      <subfield code="u">http://dx.doi.org/10.7891/e-manuscripta-51326</subfield>
      <subfield code="z">Digitalisat in e-manuscripta</subfield>
      <subfield code="subfield">1</subfield>
    </datafield>
    <datafield tag="852" ind1="4" ind2=" ">
      <subfield code="8">22340917050005508</subfield>
      <subfield code="b">Z02</subfield>
      <subfield code="c">GSM</subfield>
      <subfield code="j">GKN 32</subfield>
      <subfield code="subfield">1</subfield>
    </datafield>
    <datafield tag="900" ind1=" " ind2=" ">
      <subfield code="a">IDSZ1ZH</subfield>
      <subfield code="subfield">1</subfield>
    </datafield>
    <datafield tag="900" ind1=" " ind2=" ">
      <subfield code="a">IDSZ2zbzmix200607e</subfield>
      <subfield code="c">IDSZ2aliv</subfield>
      <subfield code="subfield">2</subfield>
    </datafield>
    <datafield tag="900" ind1=" " ind2=" ">
      <subfield code="a">IDSZ5gkn</subfield>
      <subfield code="subfield">3</subfield>
    </datafield>
    <datafield tag="900" ind1=" " ind2=" ">
      <subfield code="a">IDSZ1GK</subfield>
      <subfield code="subfield">4</subfield>
    </datafield>
    <datafield tag="900" ind1=" " ind2=" ">
      <subfield code="f">IDSZ1Z01emanuscripta</subfield>
      <subfield code="subfield">5</subfield>
    </datafield>
    <datafield tag="900" ind1=" " ind2=" ">
      <subfield code="a">IDSZ5GPM</subfield>
      <subfield code="subfield">6</subfield>
    </datafield>
    <datafield tag="900" ind1=" " ind2=" ">
      <subfield code="a">IDSZ5BSO</subfield>
      <subfield code="subfield">7</subfield>
    </datafield>
    <datafield tag="900" ind1=" " ind2=" ">
      <subfield code="a">IDSIxunikat</subfield>
      <subfield code="subfield">8</subfield>
    </datafield>
    <datafield tag="965" ind1=" " ind2=" ">
      <subfield code="a">Ansicht [Formschlagwort Sondersammlungen]</subfield>
      <subfield code="2">uzb-ZG</subfield>
      <subfield code="9">LOCAL</subfield>
      <subfield code="subfield">1</subfield>
    </datafield>
    <datafield tag="993" ind1=" " ind2=" ">
      <subfield code="a">000005187</subfield>
      <subfield code="x">uzb-ZG</subfield>
      <subfield code="9">LOCAL</subfield>
      <subfield code="subfield">1</subfield>
    </datafield>
    <record-identifier>zbz-990052037310205508</record-identifier>
    <datafield tag="manifest">https://www.e-manuscripta.ch/i3f/v20/1617708/manifest</datafield>
    <images>
      <image>
        <height>5046</height>
        <width>5532</width>
        <url type="iiif">https://www.e-manuscripta.ch/zuzneb/i3f/v20/1617709</url>
      </image>
    </images>
  </record>